@inproceedings{ms-passwords,
 author = {Florencio, Dinei and Herley, Cormac},
 title = {A Large-scale Study of Web Password Habits}, booktitle = {Proceedings of the 16th International Conference on World Wide Web},
 series = {WWW '07},
 year = {2006},
 isbn = {978-1-59593-654-7},
 location = {Banff, Alberta, Canada},
 pages = {657--666},
 numpages = {10},
 url = "\url{http://doi.acm.org/10.1145/1242572.1242661}",
 doi = {10.1145/1242572.1242661},
 acmid = {1242661},
 publisher = {ACM},
 address = {New York, NY, USA},
 keywords = {authentication, measurements, password},
} 

@inproceedings{hijacking,
 author = {Thomas, Kurt and Li, Frank and Grier, Chris and Paxson, Vern},
 title = {Consequences of Connectivity: Characterizing Account Hijacking on Twitter},
 booktitle = {Proceedings of the 2014 ACM SIGSAC Conference on Computer and Communications Security},
 series = {CCS '14},
 year = {2014},
 isbn = {978-1-4503-2957-6},
 location = {Scottsdale, Arizona, USA},
 pages = {489--500},
 numpages = {12},
 url = {http://doi.acm.org/10.1145/2660267.2660282},
 doi = {10.1145/2660267.2660282},
 acmid = {2660282},
 publisher = {ACM},
 address = {New York, NY, USA},
 keywords = {account hijacking, compromise, social networks},
} 

@misc{todo,
    title={TODO catch all. I need to cite these things but don't want to slow down to fix them now.}
}

@misc{persona-fail, title={Identity/Persona AAR}, url={https://wiki.mozilla.org/Identity/Persona_AAR}, journal={Mozilla Wiki}, publisher={Mozilla}, year={2014}, month={Mar}} 

@misc{plaintext,
    title = {Plaintext Offenders},
    howpublished = "\url{http://plaintextoffenders.com/}"
}
@misc{tor,
    title = {Tor Project},
    howpublished = "\url{https://torproject.org/}"
}

@misc{pump.io,
    title = {pump.io},
    howpublished = "\url{http://pump.io/}"
}
@misc{facebook-connect,
    title = {Facebook Connect},
    howpublished = "\url{https://developers.facebook.com/products/login/}"
}

@misc{facebook-connect-user-friends,
    title = {Facebook Connect User Friends Permission},
    howpublished = "\url{https://developers.facebook.com/docs/facebook-login/permissions#reference-user_friends}"
}

@misc{tails,
    title = {Tails: The Amnesic Incognito Live System},
    howpublished = "\url{https://tails.boum.org/}"
}
@misc{keybase,
    howpublished = "\url{https://keybase.io/}"
}
@misc{openid,
    title = {OpenID Authentication 2.0 - Final},
    howpublished = "\url{http://openid.net/specs/openid-authentication-2_0.html}",
}

@misc{uma,
    title = {User Managed Access (UMA)},
    howpublished = "\url{http://kit.mit.edu/projects/user-managed-access-uma}",
}
@INPROCEEDINGS{acp2,
author={Xukai Zou and Mingrui Qi and Feng Li and Yan Sui and Kai Wang},
booktitle={System Sciences (HICSS), 2011 44th Hawaii International Conference on},
title={A New Scheme for Anonymous Secure Group Communication},
year={2011},
month={Jan},
pages={1-9},
keywords={authorisation;cryptography;data privacy;telecommunication security;access control polynomial;anonymity;anonymous group membership;anonymous secure group communication;group key management;group size;identity hiding;message receiver;message sender;multiparty computing environment;two party communication system;Access control;Polynomials;Public key;Receivers;Servers;Silicon},
doi={10.1109/HICSS.2011.19},
ISSN={1530-1605},}

@incollection{keyprivacy,
  title={Key-privacy in public-key encryption},
  author={Bellare, Mihir and Boldyreva, Alexandra and Desai, Anand and Pointcheval, David},
  booktitle={Advances in Cryptologyâ€”ASIACRYPT 2001},
  pages={566--582},
  year={2001},
  publisher={Springer}
}

@INPROCEEDINGS{acp,
author={Xukai Zou and Yuan-Shun Dai and Bertino, E.},
booktitle={INFOCOM 2008. The 27th Conference on Computer Communications. IEEE},
title={A Practical and Flexible Key Management Mechanism For Trusted Collaborative Computing},
year={2008},
month={April},
pages={-},
keywords={authorisation;cryptography;groupware;access control polynomial;cryptography;differential access control;flexible key management mechanism;hierarchical access control;secure dynamic conferencing;secure group communication;secure information transmission;trusted collaborative computing;Access control;Collaboration;Collaborative work;Communication system security;Computer science;Context;Cryptography;Data security;Resource management;USA Councils},
doi={10.1109/INFOCOM.2008.102},
ISSN={0743-166X},}

@ARTICLE{kerberos,
author={Neuman, B.C. and Ts'o, T.},
journal={Communications Magazine, IEEE},
title={Kerberos: an authentication service for computer networks},
year={1994},
month={Sept},
volume={32},
number={9},
pages={33-38},
keywords={computer networks;cryptography;message authentication;Kerberos;Mosaic;authentication service;authentication technology;computer networks;cryptography;information retrieval;interactive services;Authentication;Authorization;Computer displays;Computer networks;Cryptography;Delay;Electronic mail;File systems;Information security;Internet},
doi={10.1109/35.312841},
ISSN={0163-6804},}

@article{attrib,
author = {Sushmita Ruj and Milos Stojmenovic and Amiya Nayak},
title = {Decentralized Access Control with Anonymous Authentication of Data Stored in Clouds},
journal ={IEEE Transactions on Parallel and Distributed Systems},
volume = {25},
number = {2},
issn = {1045-9219},
year = {2014},
pages = {384-394},
doi = {http://doi.ieeecomputersociety.org/10.1109/TPDS.2013.38},
publisher = {IEEE Computer Society},
address = {Los Alamitos, CA, USA},
}

@techreport{oauth,
AUTHOR = "Ed E. Hammer-Lahav",
TITLE = "{The OAuth 1.0 Protocol}",
HOWPUBLISHED = {Internet Requests for Comments},
TYPE="{RFC}",
NUMBER=5849,
YEAR = {2010},
MONTH = {April},
ISSN = {2070-1721},
URL="\url{https://tools.ietf.org/html/rfc5849}"
}

@article{lets-encrypt,
author={Aas, Josh},
title={Progress Towards 100\% HTTPS, June 2016},
month=jun,
year={2016},
url="\url{https://letsencrypt.org/2016/06/22/https-progress-june-2016.html}"
}

@INPROCEEDINGS{drbac,
author={Freudenthal, E. and Pesin, T. and Port, L. and Keenan, E. and Karamcheti, V.},
booktitle={Distributed Computing Systems, 2002. Proceedings. 22nd International Conference on},
title={dRBAC: distributed role-based access control for dynamic coalition environments},
year={2002},
month={},
pages={411-420},
keywords={authorisation;distributed processing;PKI identities;continuous monitoring;controlled activities;credential discovery;credential validation;dRBAC;distributed role-based access control;dynamic coalition environments;graph approach;long-lived interactions;multiple administrative domains;namespaces;policy roots;role delegation;scalable decentralized access control mechanism;scalable decentralized trust-management mechanism;scalar valued attributes;third-party delegation;transferred permissions;trust domains;trust relationships;Access control;Authorization;Computer science;Computerized monitoring;Control systems;Feeds;IP networks;Permission;Protection;Web and internet services},
doi={10.1109/ICDCS.2002.1022279},
ISSN={1063-6927},}

@misc{ldap,
    author={K. Zeilenga, Ed.},
    title={Lightweight Directory Access Protocol (LDAP): Technical Specification Road Map},
    note={RFC 4510},
}

@article{target,
    author={Hill, Kashmir},
    title={How Target Figured Out A Teen Girl Was Pregnant Before Her Father Did},
    month = feb,
    year = {2012},
    url="\url{http://www.forbes.com/sites/kashmirhill/2012/02/16/how-target-figured-out-a-teen-girl-was-pregnant-before-her-father-did/#5d29207b34c6}"
}

@article{dunbar,
    author = {Dunbar, R. I. M.},
    doi = {10.1016/0047-2484(92)90081-j},
    issn = {00472484},
    journal = {Journal of Human Evolution},
    keywords = {brain\_size, evolution, group\_size},
    month = jun,
    number = {6},
    pages = {469--493},
    posted-at = {2009-07-28 10:27:54},
    priority = {2},
    title = {{Neocortex size as a constraint on group size in primates}},
    url = "\url{http://dx.doi.org/10.1016/0047-2484(92)90081-j}",
    volume = {22},
    year = {1992}
}

@incollection{socnet,
year={2006},
isbn={978-3-540-48273-4},
booktitle={On the Move to Meaningful Internet Systems 2006: OTM 2006 Workshops},
volume={4278},
series={Lecture Notes in Computer Science},
editor={Meersman, Robert and Tari, Zahir and Herrero, Pilar},
doi={10.1007/11915072_80},
title={Rule-Based Access Control for Social Networks},
url="\url{http://dx.doi.org/10.1007/11915072_80}",
publisher={Springer Berlin Heidelberg},
author={Carminati, Barbara and Ferrari, Elena and Perego, Andrea},
pages={1734-1744},
language={English}
}

@misc{fbnum,
    howpublished="\url{https://gigaom.com/2012/08/22/facebook-is-collecting-your-data-500-terabytes-a-day/}",
    author={Eliza Kern},
    title={Facebook is collecting your data -- 500 terabytes a day},
    year={2012},
    publisher={GIGAOM}
}

@misc{twitter,
    author={Twitter, Inc.},
    title={Company | About},
    year={2015},
    publisher={Twitter, Inc.},
    howpublished="\url{https://about.twitter.com/company}"
}

@misc{akamai,
    publisher={Akamai Technologies},
    title={Third Quarter, 2013 `State of the Internet' Report},
    year={2014},
    howpublished="\url{http://www.akamai.com/html/about/press/releases/2014/press_012814.html}"
}
@misc{fcc,
    title={FCC FINDS U.S. BROADBAND DEPLOYMENT NOT KEEPING PACE},
    publisher={Federal Communications Commission},
    year={2015},
    howpublished="\url{https://www.fcc.gov/document/fcc-finds-us-broadband-deployment-not-keeping-pace}"
}

@article{att,
url="\url{https://www.dslreports.com/shownews/Opting-Out-of-ATTs-Gigapower-Snooping-is-Comically-Expensive-133132}",
year={2015},
publisher={DSLReports},
title={Opting Out of AT\&T's 'Gigapower' Snooping is Comically Expensive},
author={Bode, Karl},
month=mar,
}

@article{comcast,
url="\url{https://www.dslreports.com/shownews/Comcast-Says-It-Wants-to-Charge-Broadband-Users-More-For-Privacy-137567}",
year={2016},
publisher={DSLReports},
title={Comcast Says It Wants to Charge Broadband Users More For Privacy},
author={Bode, Karl},
month=aug,
}

@article{google-buzz,
url="\url{https://www.ftc.gov/news-events/press-releases/2011/03/ftc-charges-deceptive-privacy-practices-googles-rollout-its-buzz}",
title={FTC Charges Deceptive Privacy Practices in Googles Rollout of Its Buzz Social Network},
publisher={Federal Trade Commission},
month=mar,
year={2011}
}

@misc{webid,
    title = {WebID},
    howpublished = "\url{https://www.w3.org/2005/Incubator/webid/spec}",
}

@misc{persona,
    title = {Mozilla Persona},
    howpublished = "\url{https://login.persona.org/}",
}

@inproceedings{macaroon,
title = {Macaroons: Cookies with Contextual Caveats for Decentralized Authorization in the Cloud},
author  = {Arnar Birgisson and Joe Gibbs Politz and Ãšlfar Erlingsson and Ankur Taly and Michael Vrable and Mark Lentczner},
year  = 2014,
booktitle = {Network and Distributed System Security Symposium}
}

@misc{slowloris,
  author={RSnake},
  title={Slowloris HTTP DoS},
  year={2009},
  month=jun,
  publisher={ha.ckers},
  howpublished="\url{https://web.archive.org/web/20090822001255/http://ha.ckers.org:80/slowloris/}",
}

@techreport{dns-amplification,
year=2013,
month=mar,
number={TA13-088A},
type={Alert},
title={DNS Amplification Attacks},
publisher={US-CERT},
author={US-CERT},
url="\url{https://www.us-cert.gov/ncas/alerts/TA13-088A}",
}

@inproceedings{inner-product,
  title={Function-hiding inner product encryption},
  author={Bishop, Allison and Jain, Abhishek and Kowalczyk, Lucas},
  booktitle={International Conference on the Theory and Application of Cryptology and Information Security},
  pages={470--491},
  year={2015},
  organization={Springer}
}

@inproceedings{inner-product-ext,
  title={Indistinguishability obfuscation from constant-degree graded encoding schemes},
  author={Lin, Huijia},
  booktitle={Annual International Conference on the Theory and Applications of Cryptographic Techniques},
  pages={28--57},
  year={2016},
  organization={Springer}
}
@inproceedings{vuvuzela,
  title={Vuvuzela: Scalable private messaging resistant to traffic analysis},
  author={Van Den Hooff, Jelle and Lazar, David and Zaharia, Matei and Zeldovich, Nickolai},
  booktitle={Proceedings of the 25th Symposium on Operating Systems Principles},
  pages={137--152},
  year={2015},
  organization={ACM}
}

@article{signature,
  title={Signatures for network coding},
  author={Charles, Denis and Jain, Kamal and Lauter, Kristin},
  journal={International Journal of Information and Coding Theory},
  volume={1},
  number={1},
  pages={3--14},
  year={2009},
  publisher={Inderscience Publishers}
}
